<record><leader>00000cas a22000007a 4500</leader><controlfield tag="001">9659012</controlfield><controlfield tag="008">830630c18819999nyudn ne      0   a0eng c</controlfield><datafield ind1=" " ind2=" " tag="010"><subfield code="a">sn 83030756 </subfield></datafield><datafield ind1=" " ind2=" " tag="040"><subfield code="a">NPU</subfield><subfield code="b">eng</subfield><subfield code="c">NPU</subfield><subfield code="d">NYG</subfield><subfield code="d">OCL</subfield><subfield code="d">NYS</subfield><subfield code="d">NSD</subfield><subfield code="d">OCLCQ</subfield><subfield code="d">AU@</subfield><subfield code="d">OCLCF</subfield></datafield><datafield ind1=" " ind2=" " tag="012"><subfield code="l">1</subfield></datafield><datafield ind1=" " ind2=" " tag="019"><subfield code="a">10699412</subfield><subfield code="a">226055727</subfield><subfield code="a">990592051</subfield></datafield><datafield ind1="0" ind2=" " tag="022"><subfield code="a">1536-6901</subfield><subfield code="l">1536-6901</subfield><subfield code="2">1</subfield></datafield><datafield ind1="1" ind2=" " tag="029"><subfield code="a">AU@</subfield><subfield code="b">000054485873</subfield></datafield><datafield ind1="1" ind2=" " tag="029"><subfield code="a">NZ1</subfield><subfield code="b">16077327</subfield></datafield><datafield ind1="1" ind2=" " tag="029"><subfield code="a">AU@</subfield><subfield code="b">000020336077</subfield></datafield><datafield ind1=" " ind2=" " tag="037"><subfield code="b">The Daily News, P.O. Box 870, Batavia, N.Y. 14021</subfield><subfield code="c">$150.80</subfield></datafield><datafield ind1=" " ind2=" " tag="042"><subfield code="a">pcc</subfield><subfield code="a">nsdp</subfield></datafield><datafield ind1="1" ind2="0" tag="082"><subfield code="a">070</subfield><subfield code="2">13</subfield></datafield><datafield ind1="0" ind2=" " tag="130"><subfield code="a">Daily news (Batavia, N.Y.)</subfield></datafield><datafield ind1="0" ind2=" " tag="210"><subfield code="a">Dly. news</subfield><subfield code="b">(Batavia N.Y.)</subfield></datafield><datafield ind1=" " ind2="4" tag="222"><subfield code="a">The daily news</subfield><subfield code="b">(Batavia, N.Y.)</subfield></datafield><datafield ind1="1" ind2="4" tag="245"><subfield code="a">The daily news.</subfield></datafield><datafield ind1=" " ind2=" " tag="260"><subfield code="a">Batavia, N.Y. :</subfield><subfield code="b">[Griswold &amp; McWain],</subfield><subfield code="c">1881-</subfield></datafield><datafield ind1=" " ind2=" " tag="300"><subfield code="a">v. ;</subfield><subfield code="c">46-51 cm.</subfield></datafield><datafield ind1=" " ind2=" " tag="310"><subfield code="a">Daily (except Sunday)</subfield></datafield><datafield ind1="0" ind2=" " tag="362"><subfield code="a">Vol. 4, whole no. 974 (Aug. 17, 1881)-</subfield></datafield><datafield ind1=" " ind2=" " tag="500"><subfield code="a">Special Daily news centennial ed. published: June 24, 1978.</subfield></datafield><datafield ind1=" " ind2="4" tag="651"><subfield code="a">Batavia (N.Y.)</subfield><subfield code="v">Newspapers.</subfield></datafield><datafield ind1=" " ind2="0" tag="651"><subfield code="a">Batavia (N.Y.)</subfield><subfield code="v">Newspapers.</subfield></datafield><datafield ind1=" " ind2="7" tag="651"><subfield code="a">New York (State)</subfield><subfield code="z">Batavia.</subfield><subfield code="2">fast</subfield><subfield code="0">(OCoLC)fst01224072</subfield></datafield><datafield ind1=" " ind2="7" tag="655"><subfield code="a">Newspapers.</subfield><subfield code="2">fast</subfield><subfield code="0">(OCoLC)fst01423814</subfield></datafield><datafield ind1=" " ind2=" " tag="752"><subfield code="a">United States</subfield><subfield code="b">New York</subfield><subfield code="c">Genesee</subfield><subfield code="d">Batavia.</subfield></datafield><datafield ind1="0" ind2="0" tag="780"><subfield code="t">Batavia daily news</subfield><subfield code="w">(DLC)sn 84031187</subfield><subfield code="w">(OCoLC)10699354</subfield></datafield><datafield ind1="4" ind2="1" tag="856"><subfield code="3">Abstracts and tables of contents:</subfield><subfield code="u">http://www.harcourt-international.com/journals</subfield></datafield></record>